<record><leader>00000cas a22000007a 4500</leader><controlfield tag="001">26274150</controlfield><controlfield tag="008">920728d193419uunyuwr ne      0    0eng d</controlfield><datafield ind1=" " ind2=" " tag="010"><subfield code="a">sn 92061789 </subfield></datafield><datafield ind1=" " ind2=" " tag="040"><subfield code="a">NYS</subfield><subfield code="b">eng</subfield><subfield code="c">NYS</subfield><subfield code="d">OCLCQ</subfield></datafield><datafield ind1=" " ind2=" " tag="042"><subfield code="a">msc</subfield></datafield><datafield ind1="0" ind2=" " tag="130"><subfield code="a">Avoca herald (Avoca, N.Y. : 1934)</subfield></datafield><datafield ind1="1" ind2="4" tag="245"><subfield code="a">The Avoca herald.</subfield></datafield><datafield ind1=" " ind2=" " tag="260"><subfield code="a">Avoca, Steuben County, N.Y. :</subfield><subfield code="b">[s.n.]</subfield></datafield><datafield ind1=" " ind2=" " tag="300"><subfield code="a">v.</subfield></datafield><datafield ind1=" " ind2=" " tag="310"><subfield code="a">Weekly</subfield></datafield><datafield ind1="0" ind2=" " tag="362"><subfield code="a">Vol. 4, no. 24 [i.e. 25] (Oct. 11, 1934)-</subfield></datafield><datafield ind1=" " ind2="4" tag="651"><subfield code="a">Avoca (N.Y.)</subfield><subfield code="v">Newspapers.</subfield></datafield><datafield ind1=" " ind2=" " tag="752"><subfield code="a">United States</subfield><subfield code="b">New York</subfield><subfield code="c">Steuben</subfield><subfield code="d">Avoca.</subfield></datafield><datafield ind1="0" ind2="0" tag="780"><subfield code="t">New Avoca herald</subfield><subfield code="w">(DLC)sn 92061789</subfield></datafield><datafield ind1="0" ind2="7" tag="785"><subfield code="t">Steuben courier (Bath, N.Y. : 1843)</subfield><subfield code="w">(DLC)sn 83030965</subfield></datafield><datafield ind1="0" ind2="7" tag="785"><subfield code="t">Steuben courier and the Avoca herald</subfield><subfield code="w">(DLC)sn 84035542</subfield></datafield></record>